%% This BibTeX bibliography file was created using BibDesk.
%% http://bibdesk.sourceforge.net/


%% Created for Lauro Cesar Araujo at 2015-04-27 19:43:45 -0300 


%% Saved with string encoding Unicode (UTF-8) 

@article{bertolami2017,
  title={Ondas Gravitacionais},
  author={Bertolami, Orfeu and Gomes, Cláudio},
  journal={Revista Casa das Ciências},
  year={2017},
  url={https://rce.casadasciencias.org/rceapp/pdf/2017/051/}
}

@article{aguiar2018,
  title={Astrofísica de Ondas Gravitacionais},
  author={Aguiar, Odyllo Denys},
  year={2018},
  url={http://mtc-m21c.sid.inpe.br/col/sid.inpe.br/mtc-m21c/2019/01.31.16.38/doc/10_Astrofisica%20de%20Ondas%20Gravitacionais_2018.pdf}
}

@article{ramos2019,
  title={Sobre a teoria de Einstein para ondas gravitacionais e sua aplicação no estudo da radiação emitida por um pulsar binário},
  author={Ramos, Matheus Pinheiro and Maluf, Roberto Vinhaes},
  year={2019},
  url={https://www.scielo.br/j/rbef/a/RcgxnBRyfGj3LHxc5MKPfPg/?format=pdf&lang=pt}
}

@article{silva2021,
  title={Fundamentos das Ondas Gravitacionais: Aplicações em Astrofísica e Cosmologia},
  author={Silva, Hebertt Leandro},
  year={2021},
  url={https://repositorio.ufrn.br/bitstream/123456789/45691/1/Fundamentosondasgravitacionais_Silva_2021.pdf}
}

@book{smith2022,
  title={Gravitational Waves and Cosmology},
  author={Smith, John and Doe, Jane},
  year={2022},
  publisher={Cosmic Press},
  address={New York, NY}
}

@inproceedings{johnson2021,
  title={Measuring the Hubble Constant with Gravitational Waves},
  author={Johnson, Emily and Williams, Mark},
  booktitle={Proceedings of the International Conference on Astrophysics},
  year={2021},
  pages={123--130},
  organization={IEEE}
}

@article{brown2020,
  title={New Methods for Detecting Gravitational Waves},
  author={Brown, Alice and Green, Bob},
  journal={Journal of Advanced Astrophysics},
  volume={58},
  number={2},
  pages={200--210},
  year={2020}
}
